<record xmlns='http://www.loc.gov/MARC21/slim'><leader>00982cim a22003012u 4500</leader><controlfield tag='001'>3600470</controlfield><controlfield tag='005'>20151214182606.0</controlfield><controlfield tag='007'>ss|lmnjluz|nuu</controlfield><controlfield tag='008'>991101s1987    nyunnn         l    eng d</controlfield><datafield ind1=' ' ind2=' ' tag='035'><subfield code='a'>(NIC)notisASF7535</subfield></datafield><datafield ind1=' ' ind2=' ' tag='035'><subfield code='a'>3600470</subfield></datafield><datafield ind1=' ' ind2=' ' tag='035'><subfield code='a'>(OCoLC)63896100</subfield></datafield><datafield ind1=' ' ind2=' ' tag='040'><subfield code='a'>NIC</subfield><subfield code='c'>NIC</subfield><subfield code='d'>NIC</subfield><subfield code='d'>NIC</subfield></datafield><datafield ind1='1' ind2=' ' tag='100'><subfield code='a'>Karoniaktatie.</subfield></datafield><datafield ind1='1' ind2='3' tag='245'><subfield code='a'>An evening with two Mohawk poets</subfield><subfield code='h'>[sound recording]</subfield></datafield><datafield ind1=' ' ind2=' ' tag='260'><subfield code='c'>1987.</subfield></datafield><datafield ind1=' ' ind2=' ' tag='300'><subfield code='a'>2 sound cassettes (95 min.) :</subfield><subfield code='b'>analog, mono.</subfield></datafield><datafield ind1=' ' ind2=' ' tag='500'><subfield code='a'>Recorded in Ithaca, NY by Cornell University.</subfield></datafield><datafield ind1=' ' ind2=' ' tag='500'><subfield code='a'>Sponsored by: American Indian Program.</subfield></datafield><datafield ind1=' ' ind2=' ' tag='518'><subfield code='a'>Reading, November 11, 1987.</subfield></datafield><datafield ind1=' ' ind2=' ' tag='520'><subfield code='a'>Two native American Indian poets read from their works.</subfield></datafield><datafield ind1=' ' ind2='0' tag='650'><subfield code='a'>Mohawk Indians</subfield><subfield code='x'>Poetry.</subfield></datafield><datafield ind1=' ' ind2='7' tag='650'><subfield code='a'>Mohawk Indians</subfield><subfield code='2'>fast</subfield><subfield code='0'>(OCoLC)fst01024566</subfield></datafield><datafield ind1=' ' ind2='7' tag='655'><subfield code='a'>Poetry</subfield><subfield code='2'>fast</subfield><subfield code='0'>(OCoLC)fst01423828</subfield></datafield><datafield ind1='1' ind2=' ' tag='700'><subfield code='a'>Rokwaho,</subfield><subfield code='d'>1953-</subfield></datafield><datafield ind1='1' ind2=' ' tag='899'><subfield code='a'>CULectures</subfield></datafield><datafield ind1=' ' ind2=' ' tag='905'><subfield code='a'>20000329120000.0</subfield></datafield><datafield ind1='2' ind2=' ' tag='948'><subfield code='a'>20141221</subfield><subfield code='b'>m</subfield><subfield code='d'>batch</subfield><subfield code='e'>lts</subfield><subfield code='x'>addfast</subfield></datafield></record>